<?xml version="1.0"?>
<record xmlns="http://www.loc.gov/MARC21/slim"><leader>03839cam a2200529 i 4500</leader><controlfield tag="001">on1183349983</controlfield><controlfield tag="003">OCoLC</controlfield><controlfield tag="005">20210423132000.0</controlfield><controlfield tag="008">200810s2020    cc a   a      000 1 chi  </controlfield><datafield tag="020" ind1=" " ind2=" "><subfield code="a">9787572101014</subfield><subfield code="q">(hardcover)</subfield></datafield><datafield tag="020" ind1=" " ind2=" "><subfield code="a">7572101011</subfield><subfield code="q">(hardcover)</subfield></datafield><datafield tag="035" ind1=" " ind2=" "><subfield code="a">(OCoLC)1183349983</subfield></datafield><datafield tag="040" ind1=" " ind2=" "><subfield code="a">SINLB</subfield><subfield code="b">eng</subfield><subfield code="e">rda</subfield><subfield code="c">SINLB</subfield><subfield code="d">OCLCO</subfield><subfield code="d">SINLB</subfield><subfield code="d">JQW</subfield><subfield code="d">OCLCF</subfield><subfield code="d">OCLCO</subfield><subfield code="d">OTP</subfield><subfield code="d">HCO</subfield></datafield><datafield tag="049" ind1=" " ind2=" "><subfield code="a">HCOA</subfield></datafield><datafield tag="066" ind1=" " ind2=" "><subfield code="c">$1</subfield><subfield code="c">Zsym</subfield></datafield><datafield tag="099" ind1=" " ind2=" "><subfield code="b">LIU</subfield></datafield><datafield tag="100" ind1="1" ind2=" "><subfield code="6">880-01</subfield><subfield code="a">Liu, Xugong,</subfield><subfield code="e">author,</subfield><subfield code="e">illustrator.</subfield></datafield><datafield tag="245" ind1="1" ind2="0"><subfield code="6">880-02</subfield><subfield code="a">Che piao qu na er le /</subfield><subfield code="c">Liu Xugong zhu hui.</subfield></datafield><datafield tag="250" ind1=" " ind2=" "><subfield code="6">880-03</subfield><subfield code="a">Di 1 ban.</subfield></datafield><datafield tag="264" ind1=" " ind2="1"><subfield code="6">880-04</subfield><subfield code="a">[Wuhan] :</subfield><subfield code="b">Chang Jiang shao nian er tong chu ban she,</subfield><subfield code="c">2020.</subfield></datafield><datafield tag="300" ind1=" " ind2=" "><subfield code="a">1 volume (unpaged) :</subfield><subfield code="b">color illustrations ;</subfield><subfield code="c">22 x 29 cm.</subfield></datafield><datafield tag="336" ind1=" " ind2=" "><subfield code="a">text</subfield><subfield code="b">txt</subfield><subfield code="2">rdacontent</subfield></datafield><datafield tag="336" ind1=" " ind2=" "><subfield code="a">still image</subfield><subfield code="b">sti</subfield><subfield code="2">rdacontent</subfield></datafield><datafield tag="337" ind1=" " ind2=" "><subfield code="a">unmediated</subfield><subfield code="b">n</subfield><subfield code="2">rdamedia</subfield></datafield><datafield tag="338" ind1=" " ind2=" "><subfield code="a">volume</subfield><subfield code="b">nc</subfield><subfield code="2">rdacarrier</subfield></datafield><datafield tag="490" ind1="1" ind2=" "><subfield code="6">880-05</subfield><subfield code="a">Hai tun hui ben hua yuan =</subfield><subfield code="a">Dolphinmedia picture book garden ;</subfield><subfield code="v">585</subfield></datafield><datafield tag="520" ind1=" " ind2=" "><subfield code="6">880-06</subfield><subfield code="a">"The bus is about to take off as the bus driver asked the passengers to show their tickets. Suddenly, a gust of wind blows off everyone's tickets. The driver decided that he must retrieve everyone's tickets."--Bookswindows.com.</subfield></datafield><datafield tag="546" ind1=" " ind2=" "><subfield code="a">Text in simplified Chinese.</subfield></datafield><datafield tag="650" ind1=" " ind2="0"><subfield code="a">Bus drivers</subfield><subfield code="v">Juvenile fiction.</subfield></datafield><datafield tag="650" ind1=" " ind2="0"><subfield code="a">Bus occupants</subfield><subfield code="v">Juvenile fiction.</subfield></datafield><datafield tag="655" ind1=" " ind2="7"><subfield code="a">Chinese language materials.</subfield><subfield code="2">lcshac</subfield></datafield><datafield tag="830" ind1=" " ind2="0"><subfield code="6">880-07</subfield><subfield code="a">Hai tun hui ben hua yuan ;</subfield><subfield code="v">585.</subfield></datafield><datafield tag="880" ind1="1" ind2=" "><subfield code="6">100-01/$1</subfield><subfield code="a">&#x5218;&#x65ED;&#x606D;,</subfield><subfield code="e">author,</subfield><subfield code="e">illustrator.</subfield></datafield><datafield tag="880" ind1="1" ind2="0"><subfield code="6">245-02/$1</subfield><subfield code="a">&#x8F66;&#x7968;&#x53BB;&#x54EA;&#x513F;&#x4E86; /</subfield><subfield code="c">&#x5218;&#x65ED;&#x606D;&#x8457;&#x7ED8;.</subfield></datafield><datafield tag="880" ind1=" " ind2=" "><subfield code="6">250-03/$1</subfield><subfield code="a">&#x7B2C;1&#x7248;.</subfield></datafield><datafield tag="880" ind1=" " ind2="1"><subfield code="6">264-04/$1</subfield><subfield code="a">[&#x6B66;&#x6C49;] :</subfield><subfield code="b">&#x957F;&#x6C5F;&#x5C11;&#x5E74;&#x513F;&#x7AE5;&#x51FA;&#x7248;&#x793E;,</subfield><subfield code="c">2020.</subfield></datafield><datafield tag="880" ind1="1" ind2=" "><subfield code="6">490-05/$1</subfield><subfield code="a">&#x6D77;&#x8C5A;&#x7ED8;&#x672C;&#x82B1;&#x56ED; =</subfield><subfield code="a">Dolphinmedia picture book garden ;</subfield><subfield code="v">585</subfield></datafield><datafield tag="880" ind1=" " ind2=" "><subfield code="6">520-06/$1</subfield><subfield code="a">"&#x8FD9;&#x662F;&#x4E00;&#x672C;&#x5145;&#x6EE1;&#x60F3;&#x8C61;&#x529B;&#x7684;&#x513F;&#x7AE5;&#x7ED8;&#x672C;&#x3002;&#x516C;&#x8F66;&#x5373;&#x5C06;&#x5F00;&#x8F66;&#x53F8;&#x673A;&#x5148;&#x751F;&#x8981;&#x4E58;&#x5BA2;&#x4EEC;&#x628A;&#x8F66;&#x7968;&#x62FF;&#x51FA;&#x6765;&#x54EA;&#x77E5;&#x4E00;&#x9635;&#x98CE;&#x5439;&#x6765;&#x628A;&#x5927;&#x5BB6;&#x7684;&#x8F66;&#x7968;&#x5439;&#x5F97;&#x597D;&#x8FDC;&#x597D;&#x8FDC;&#x53F8;&#x673A;&#x7ACB;&#x523B;&#x51B3;&#x5B9A;&#x4E00;&#x5B9A;&#x8981;&#x628A;&#x8F66;&#x7968;&#x8FFD;&#x56DE;&#x6765;&#x3B1;&#x4E8E;&#x662F;&#x516C;&#x8F66;&#x4E0A;&#x7684;&#x4E58;&#x5BA2;&#x8DDF;&#x7740;&#x53F8;&#x673A;&#x5148;&#x751F;&#x4E00;&#x8D77;&#x8E0F;&#x4E0A;&#x65C5;&#x7A0B;&#x4ED6;&#x4EEC;&#x504F;&#x79BB;&#x4E86;&#x539F;&#x672C;&#x7684;&#x9053;&#x8DEF;&#x4ECE;&#x57CE;&#x5E02;&#x5F00;&#x5F80;&#x4E0D;&#x53EF;&#x601D;&#x8BAE;&#x7684;&#x5730;&#x65B9;&#x3B1;&#x4E00;&#x8DEF;&#x4E0A;&#x4ED6;&#x4EEC;&#x8D8A;&#x8FC7;&#x9AD8;&#x5C71;&#x3001;&#x60AC;&#x5D16;&#x3001;&#x6D77;&#x8FB9;&#x3001;&#x96EA;&#x5730;&#x9047;&#x89C1;&#x4E86;&#x795E;&#x4ED9;&#x3001;&#x6D77;&#x9F99;&#x738B;&#x3001;&#x96EA;&#x602A;&#x7ADF;&#x7136;&#x8FD8;&#x95EF;&#x8FDB;&#x8D5B;&#x8F66;&#x573A;&amp;&amp;&#x6700;&#x540E;&#x7EC8;&#x4E8E;&#x5728;&#x592A;&#x9633;&#x843D;&#x4E0B;&#x7684;&#x5730;&#x65B9;&#x4E00;&#x68F5;&#x53C8;&#x9AD8;&#x53C8;&#x5927;&#x7684;&#x6811;&#x4E0A;&#x53D1;&#x73B0;&#x4E86;&#x8F66;&#x7968;&#x7684;&#x8E2A;&#x5F71;&#x4ED6;&#x4EEC;&#x53EF;&#x4EE5;&#x987A;&#x5229;&#x8FFD;&#x56DE;&#x8F66;&#x7968;&#x5417;&#x6811;&#x4E0A;&#x53C8;&#x6709;&#x4EC0;&#x4E48;&#x8BA9;&#x4EBA;&#x60CA;&#x8BB6;&#x7684;&#x666F;&#x8C61;&#x5462; &#x7ED8;&#x672C;&#x4F5C;&#x5BB6;&#x5218;&#x65ED;&#x606D;&#x4EE5;&#x6A58;&#x8272;&#x548C;&#x84DD;&#x8272;&#x4E3A;&#x4E3B;&#x8272;&#x8C03;&#x63CF;&#x7ED8;&#x7528;&#x5E26;&#x6709;&#x7AE5;&#x8DA3;&#x7684;&#x8D28;&#x6734;&#x7B14;&#x89E6;&#x52FE;&#x52D2;&#x6D3B;&#x6CFC;&#x7684;&#x7EBF;&#x6761;&#x548C;&#x5927;&#x9762;&#x79EF;&#x7684;&#x8272;&#x5757;&#x8868;&#x73B0;&#x51FA;&#x6D3B;&#x529B;&#x6EE1;&#x6EE1;&#x7684;&#x6C1B;&#x56F4;&#x3002;&#x4ED6;&#x72EC;&#x7279;&#x7684;&#x5E7D;&#x9ED8;&#x611F;&#x8BA9;&#x8FD9;&#x4E2A;&#x770B;&#x4F3C;&#x5929;&#x9A6C;&#x884C;&#x7A7A;&#x7684;&#x6545;&#x4E8B;&#x591A;&#x4E86;&#x4E00;&#x70B9;&#x54F2;&#x601D;&#x4E0E;&#x6E29;&#x5EA6;&#x3002;&#x53F8;&#x673A;&#x5148;&#x751F;&#x4E3A;&#x4E86;&#x8FFD;&#x56DE;&#x88AB;&#x98CE;&#x5439;&#x8D70;&#x7684;&#x8F66;&#x7968;&#x4E0D;&#x7BA1;&#x524D;&#x65B9;&#x6709;&#x591A;&#x5371;&#x9669;&#x4E1D;&#x6BEB;&#x4E0D;&#x53D7;&#x5F71;&#x54CD;&#x575A;&#x6301;&#x4FE1;&#x5FF5;&#x4E00;&#x8DEF;&#x5F80;&#x524D;&#x8FFD;&#x4E58;&#x5BA2;&#x4E0D;&#x5206;&#x5F7C;&#x6B64;&#x56E2;&#x7ED3;&#x4E00;&#x81F4;&#x5E2E;&#x52A9;&#x53F8;&#x673A;&#x5148;&#x751F;&#x8BA9;&#x4EBA;&#x611F;&#x53D7;&#x5230;&#x53F8;&#x673A;&#x4E0E;&#x4E58;&#x5BA2;&#x4E4B;&#x95F4;&#x7684;&#x60C5;&#x8C0A;&#x3002;&#x5BF9;&#x4E86;&#x522B;&#x5FD8;&#x4E86;&#x5728;&#x56FE;&#x4E2D;&#x627E;&#x627E;&#x5C0F;&#x72D7;&#x7684;&#x8EAB;&#x5F71;&#x53EF;&#x662F;&#x53F8;&#x673A;&#x5148;&#x751F;&#x7684;&#x597D;&#x5E2E;&#x624B;&#x5594;!"--Bookswindows.com.</subfield></datafield><datafield tag="880" ind1=" " ind2=" "><subfield code="6">500-00/$1</subfield><subfield code="a">"&#x672C;&#x4E66;&#x8363;&#x83B7;2018&#x5E74;&#x91D1;&#x9F0E;&#x5956;&#x56FE;&#x4E66;&#x753B;&#x5956;"--page [4] of cover.</subfield></datafield><datafield tag="880" ind1=" " ind2=" "><subfield code="6">500-00/$1</subfield><subfield code="a">"2019&#x5E74;&#x7B2C;&#x516D;&#x5C4A;&#x4E30;&#x5B50;&#x607A;&#x513F;&#x7AE5;&#x56FE;&#x753B;&#x4E66;&#x5956;&#x4F73;&#x4F5C;&#x5956;"--page [4] of cover.</subfield></datafield><datafield tag="880" ind1=" " ind2="0"><subfield code="6">830-07/$1</subfield><subfield code="a">&#x6D77;&#x8C5A;&#x7ED8;&#x672C;&#x82B1;&#x56ED; ;</subfield><subfield code="v">585.</subfield></datafield><datafield tag="948" ind1=" " ind2=" "><subfield code="a">jac</subfield><subfield code="b">20210423</subfield><subfield code="c">HCL 4/21</subfield></datafield><datafield tag="994" ind1=" " ind2=" "><subfield code="a">C0</subfield><subfield code="b">HCO</subfield></datafield><datafield tag="949" ind1=" " ind2=" "><subfield code="b">31972208755424</subfield><subfield code="c">epbf--c</subfield><subfield code="d">LIU</subfield><subfield code="m">ep</subfield><subfield code="n">14265091</subfield><subfield code="t">j21</subfield></datafield><datafield tag="949" ind1=" " ind2=" "><subfield code="b">31972208755440</subfield><subfield code="c">epbf--c</subfield><subfield code="d">LIU</subfield><subfield code="m">py</subfield><subfield code="n">14265093</subfield><subfield code="t">j21</subfield></datafield><datafield tag="949" ind1=" " ind2=" "><subfield code="b">31972208755457</subfield><subfield code="c">epbf--c</subfield><subfield code="d">LIU</subfield><subfield code="m">sd</subfield><subfield code="n">14265094</subfield><subfield code="t">j21</subfield></datafield><datafield tag="999" ind1=" " ind2=" "><subfield code="a">6060345</subfield></datafield></record>
